% This file was created with JabRef 2.10.
% Encoding: UTF-8


@Book{Adams2004,
  Title                    = {The knot book : an elementary introduction to the mathematical theory of knots},
  Author                   = {Adams, Colin},
  Publisher                = {American Mathematical Society},
  Year                     = {2004},

  Address                  = {Providence, R.I},

  ISBN                     = {978-0821836781}
}

@Book{cromwell2004knots,
 author = {Cromwell, Peter},
 title = {Knots and links},
 publisher = {Cambridge University Press},
 year = {2004},
 address = {Cambridge, UK New York},
 isbn = {9780521839471}
 } 

@article{jaeger_vertigan_welsh_1990, 
title={On the computational complexity of the {J}ones and {T}utte polynomials}, 
volume={108}, 
number={1},
journal={Mathematical Proceedings of the Cambridge Philosophical Society}, 
publisher={Cambridge University Press}, 
author={Jaeger, F. and Vertigan, D. L. and Welsh, D. J. A.}, 
year={1990}, 
pages={35–53}}

@misc{jones2005,
 author = {Jones,Vaughan F. R.},
 title = {The {J}ones {P}olynomial},
 year = {2005},
 howpublished = {\url{https://math.berkeley.edu/~vfr/jones.pdf}}}

@misc{zoo,
    author = {Aaronson, Scott and others},
    title = {Complexity {Z}oo: Sharp-{P}},
    howpublished = "\url{https://complexityzoo.uwaterloo.ca/Complexity_Zoo:Symbols#sharpp}",
    note = {[Online; navštíveno dne 10. 7. 2018]}
  }

@misc{knotinfo,
    author = {J. C. Cha and C. Livingston},
    title = {Knot{I}nfo: Table of {K}not {I}nvariants},
    howpublished = "\url{http://www.indiana.edu/~knotinfo}",
    note = {[Online; navštíveno dne 2. 7. 2018]}
  }

@misc {knotatlas,
Author = {Bar-Natan, Dror and Morrison, Scott and others},
title = {The {K}not {A}tlas},
howpublished = "\url{http://katlas.org}",
note = {[Online; navštíveno dne 2. 7. 2018]}
}

@Book{kapitoly,
 author = "Matoušek, Jiří and Nešetřil Jaroslav",
 title = "Kapitoly z diskrétni matematiky",
 publisher = {Karolinum},
 year = {2009},
 address = {Praha},
 isbn = {978-80-246-1740-4}
 }

@article{jones1985,
author = "Jones, Vaughan F. R.",
fjournal = "Bulletin (New Series) of the American Mathematical Society",
journal = "Bull. Amer. Math. Soc. (N.S.)",
month = "01",
number = "1",
pages = "103--111",
publisher = "American Mathematical Society",
title = "A polynomial invariant for knots via von {N}eumann algebras",
url = "https://projecteuclid.org:443/euclid.bams/1183552338",
volume = "12",
year = "1985"
}



